<record><leader>00000cas a2200000 a 4500</leader><controlfield tag="001">217277314</controlfield><controlfield tag="007">hd ||||||||||</controlfield><controlfield tag="008">080402c19689999ncuwr nea     |    0eng c</controlfield><datafield ind1=" " ind2=" " tag="010"><subfield code="a">  2008233419</subfield></datafield><datafield ind1=" " ind2=" " tag="040"><subfield code="a">GUA</subfield><subfield code="b">eng</subfield><subfield code="c">GUA</subfield><subfield code="d">GUA</subfield><subfield code="d">OCLCQ</subfield><subfield code="d">WAU</subfield><subfield code="d">OCLCO</subfield><subfield code="d">OCLCA</subfield><subfield code="d">OCLCF</subfield></datafield><datafield ind1=" " ind2=" " tag="037"><subfield code="b">Cherokee One Feather, P.O. Box 501, Cherokee, NC 28719</subfield></datafield><datafield ind1=" " ind2=" " tag="042"><subfield code="a">pcc</subfield></datafield><datafield ind1=" " ind2=" " tag="043"><subfield code="a">n-us-nc</subfield></datafield><datafield ind1=" " ind2=" " tag="090"><subfield code="a">AN58</subfield><subfield code="b">.C655</subfield></datafield><datafield ind1="0" ind2="4" tag="245"><subfield code="a">The Cherokee one feather</subfield><subfield code="h">[microform].</subfield></datafield><datafield ind1="3" ind2="0" tag="246"><subfield code="a">Cherokee 1 feather</subfield></datafield><datafield ind1="1" ind2="7" tag="246"><subfield code="a">One feather</subfield></datafield><datafield ind1=" " ind2=" " tag="260"><subfield code="a">Cherokee, N.C. :</subfield><subfield code="b">Tribal Council of the Eastern Band of Cherokee Indians.</subfield></datafield><datafield ind1=" " ind2=" " tag="300"><subfield code="a">v. :</subfield><subfield code="b">ill.</subfield></datafield><datafield ind1=" " ind2=" " tag="310"><subfield code="a">Weekly</subfield></datafield><datafield ind1="1" ind2=" " tag="362"><subfield code="a">Began in 1968.</subfield><subfield code="z">Cf. Murphy, J.E. Let my people know.</subfield></datafield><datafield ind1=" " ind2=" " tag="550"><subfield code="a">Issued by: Tribal Council of the Eastern Band of Cherokee Indians.</subfield></datafield><datafield ind1=" " ind2=" " tag="588"><subfield code="a">Description based on: Vol. 27, no. 50 (Dec. 15, 1993); title from caption.</subfield></datafield><datafield ind1=" " ind2=" " tag="533"><subfield code="a">Microfilm.</subfield><subfield code="b">Wooster, Ohio :</subfield><subfield code="c">Micro Photo Division.</subfield><subfield code="e">1 microfilm reel ; 35 mm.</subfield><subfield code="m">1971-1973.</subfield><subfield code="f">(Contemporary newspapers of the North American Indian ; reel 3).</subfield></datafield><datafield ind1=" " ind2=" " tag="539"><subfield code="a">c</subfield><subfield code="b">1971</subfield><subfield code="c">9999</subfield><subfield code="d">ohu</subfield><subfield code="e">u</subfield><subfield code="f">u</subfield><subfield code="g">a</subfield></datafield><datafield ind1=" " ind2="0" tag="650"><subfield code="a">Cherokee Indians</subfield><subfield code="v">Newspapers.</subfield></datafield><datafield ind1=" " ind2="0" tag="650"><subfield code="a">Indians of North America</subfield><subfield code="z">North Carolina</subfield><subfield code="v">Newspapers.</subfield></datafield><datafield ind1=" " ind2="7" tag="655"><subfield code="a">Newspapers.</subfield><subfield code="2">fast</subfield><subfield code="0">(OCoLC)fst01423814</subfield></datafield><datafield ind1=" " ind2="7" tag="650"><subfield code="a">Cherokee Indians.</subfield><subfield code="2">fast</subfield><subfield code="0">(OCoLC)fst00853662</subfield></datafield><datafield ind1=" " ind2="7" tag="650"><subfield code="a">Indians of North America.</subfield><subfield code="2">fast</subfield><subfield code="0">(OCoLC)fst00969633</subfield></datafield><datafield ind1=" " ind2="7" tag="651"><subfield code="a">North Carolina.</subfield><subfield code="2">fast</subfield><subfield code="0">(OCoLC)fst01204304</subfield></datafield><datafield ind1="1" ind2=" " tag="710"><subfield code="a">Eastern Band of Cherokee Indians.</subfield><subfield code="b">Tribal Council.</subfield></datafield><datafield ind1=" " ind2=" " tag="752"><subfield code="a">United States</subfield><subfield code="b">North Carolina</subfield><subfield code="c">Swain</subfield><subfield code="d">Cherokee.</subfield></datafield><datafield ind1="1" ind2=" " tag="776"><subfield code="t">Cherokee one feather</subfield><subfield code="w">(DLC)sn 86091372</subfield><subfield code="w">(OCoLC)175698228</subfield></datafield><datafield ind1=" " ind2="0" tag="830"><subfield code="a">Contemporary newspapers of the North American Indian ;</subfield><subfield code="v">reel 3.</subfield></datafield></record>